%%%%%%%%%%%%%%%%%%%%%%%%
% BSM
%%%%%%%%%%%%%%%%%%%%%%%%

@article{zprime_Rosner,
     author    = "Rosner, Jonathan L.",
     title     = "{Prominent decay modes of a leptophobic $Z^\prime$}",
     journal   = "Phys. Lett. B",
     volume    = "387",
     year      = "1996",
     pages     = "113",
     eprint    = "hep-ph/9607207",
     archivePrefix = "arXiv",
     doi       = "10.1016/0370-2693(96)01022-2",
     SLACcitation  = "%%CITATION = HEP-PH/9607207;%%"
}

@article{zprime_Lynch,
      author         = "K. R. Lynch and others",
      title          = "{Finding Z-prime bosons coupled preferentially to the
                        third family at LEP and the Tevatron}",
      journal        = "Phys. Rev. D",
      volume         = "63",
      pages          = "035006",
      doi            = "10.1103/PhysRevD.63.035006",
      year           = "2001",
      eprint         = "hep-ph/0007286",
      archivePrefix  = "arXiv",
      primaryClass   = "hep-ph",
}

@article{zprime_Carena,
      author         = "M. S. Carena and others",
      title          = "{Z$^\prime$ gauge bosons at the Tevatron}",
      journal        = "Phys. Rev. D",
      volume         = "70",
      pages          = "093009",
      doi            = "10.1103/PhysRevD.70.093009",
      year           = "2004",
      eprint         = "hep-ph/0408098",
      archivePrefix  = "arXiv",
      primaryClass   = "hep-ph",
}

@article{Hill1991419,
      author         = "Hill, Christopher T.",
      title          = "{Topcolor: Top quark condensation in a gauge extension of
                        the standard model}",
      journal        = "Phys. Lett. B",
      volume         = "266",
      pages          = "419",
      doi            = "10.1016/0370-2693(91)91061-Y",
      year           = "1991",
      reportNumber   = "FERMILAB-PUB-91-105-T",
      SLACcitation   = "%%CITATION = PHLTA,B266,419;%%"
}

@article{Hill:1993hs,
      author         = "Hill, Christopher T. and Parke, Stephen J.",
      title          = "{Top production: Sensitivity to new physics}",
      journal        = "Phys. Rev. D",
      volume         = "49",
      pages          = "4454",
      doi            = "10.1103/PhysRevD.49.4454",
      year           = "1994",
      eprint         = "hep-ph/9312324",
      archivePrefix  = "arXiv",
      primaryClass   = "hep-ph",
      reportNumber   = "FERMILAB-PUB-93-397-T",
      SLACcitation   = "%%CITATION = HEP-PH/9312324;%%",
}

@article{Hill:1994hp,
      author         = "Hill, Christopher T.",
      title          = "{Topcolor assisted technicolor}",
      journal        = "Phys. Lett. B",
      volume         = "345",
      pages          = "483",
      doi            = "10.1016/0370-2693(94)01660-5",
      year           = "1995",
      eprint         = "hep-ph/9411426",
      archivePrefix  = "arXiv",
      primaryClass   = "hep-ph",
      reportNumber   = "FERMILAB-PUB-94-395-T",
      SLACcitation   = "%%CITATION = HEP-PH/9411426;%%",
}

@article{Jain11124928,
      author         = "R. M. Harris and S. Jain",
      title          = "{Cross Sections for Leptophobic Topcolor $\Zprime$ decaying to top-antitop }",
      journal        = "Eur. Phys. J. C",
      volume         = "72",
      pages          = "2072",
      doi            = "10.1140/epjc/s10052-012-2072-4",
      year           = "2012",
      eprint         = "hep-ph/1112.4928",
      archivePrefix  = "arXiv",
      primaryClass   = "hep-ph",
      reportNumber   = "FERMILAB-FN-0940-CMS-PPD",
}

@article{axigluon,
    title = "Chiral color: An alternative to the standard model",
    journal = "Phys. Lett. B",
    volume = "190",
    pages = "157",
    year = "1987",
    doi = "10.1016/0370-2693(87)90859-8",
    author = "Paul H. Frampton and Sheldon L. Glashow"
}


@article{Choudhury:2007ux,
      author         = "D. Choudhury and others",
      title          = "{Top production at the Tevatron/LHC and nonstandard,
                        strongly interacting spin one particles}",
      journal        = "Phys. Lett. B",
      volume         = "657",
      pages          = "69",
      doi            = "10.1016/j.physletb.2007.09.057",
      year           = "2007",
      eprint         = "0705.1499",
      archivePrefix  = "arXiv",
      primaryClass   = "hep-ph",
      reportNumber   = "IISC-CHEP-06-07, LAPTH-1183-2007",
      SLACcitation   = "%%CITATION = ARXIV:0705.1499;%%",
      note           = "Update in \href{http://arxiv.org/abs/0810.3635}{{http://http://arxiv.org/abs/0810.3635}}."
}

@article{pseudohiggs,
      author         = "Dicus, D. and Stange, A. and Willenbrock, S.",
      title          = "{Higgs decay to top quarks at hadron colliders}",
      journal        = "Phys. Lett. B",
      volume         = "333",
      pages          = "126",
      doi            = "10.1016/0370-2693(94)91017-0",
      year           = "1994",
      eprint         = "hep-ph/9404359",
      archivePrefix  = "arXiv",
      primaryClass   = "hep-ph",
}


@article{Agashe:2006hk,
      author         = "K. Agashe and others",
      title          = "{LHC Signals from Warped Extra Dimensions}",
      journal        = "Phys. Rev. D",
      volume         = "77",
      pages          = "015003",
      doi            = "10.1103/PhysRevD.77.015003",
      year           = "2008",
      eprint         = "hep-ph/0612015",
      archivePrefix  = "arXiv",
      primaryClass   = "hep-ph",
      reportNumber   = "BNL-HET-06-13, MSUHEP-060915, SU-4252-838, YITP-SB-06-43",
      SLACcitation   = "%%CITATION = HEP-PH/0612015;%%",
}

@article{Agashe:2007ki,
      author         = "Agashe, Kaustubh and Davoudiasl, Hooman and
                        Gopalakrishna, Shrihari and Han, Tao and Huang, Gui-Yu and
                        Perez, Gilad and Si, Zong-Guo and Soni, Amarjit",
      title          = "{LHC Signals for Warped Electroweak Neutral Gauge
                        Bosons}",
      journal        = "Phys. Rev.",
      volume         = "D76",
      year           = "2007",
      pages          = "115015",
      doi            = "10.1103/PhysRevD.76.115015",
      eprint         = "0709.0007",
      archivePrefix  = "arXiv",
      primaryClass   = "hep-ph",
      reportNumber   = "UMD-PP-07-007, BNL-HET-07-12, MADPH-07-1496, SU-4252-862",
      SLACcitation   = "%%CITATION = ARXIV:0709.0007;%%"
}

@article{graviton,
  title = {Phenomenology of the Randall-Sundrum Gauge Hierarchy Model},
  author = {Davoudiasl, H. and Hewett, J. L. and Rizzo, T. G.},
  journal = {Phys. Rev. Lett.},
  volume = {84},
  issue = {10},
  pages = {2080},
  year = {2000},
  doi = {10.1103/PhysRevLett.84.2080},
  url = {http://link.aps.org/doi/10.1103/PhysRevLett.84.2080},
  publisher = {American Physical Society}
}

@article{RandallSundrum,
  title = {Large Mass Hierarchy from a Small Extra Dimension},
  author = {Randall, Lisa and Sundrum, Raman},
  journal = {Phys. Rev. Lett.},
  volume = {83},
  issue = {17},
  pages = {3370},
  year = {1999},
  doi = {10.1103/PhysRevLett.83.3370},
  url = {http://link.aps.org/doi/10.1103/PhysRevLett.83.3370},
  publisher = {American Physical Society}
}

@article{Frampton2010294,
title = "Axigluon as possible explanation for forward-backward asymmetry",
journal = "Phys. Lett. B",
volume = "683",
pages = "294",
year = "2010",
eprint         = "0911.2955",
archivePrefix  = "arXiv",
primaryClass   = "hep-ph",
doi = "10.1016/j.physletb.2009.12.043",
author = "Paul H. Frampton and Jing Shu and Kai Wang"
}

@article{PhysRevD.83.114027,
  title = {On models of new physics for the Tevatron top ${A}_{\mathrm{FB}}$},
  author = {Gresham, Moira I. and Kim, Ian-Woo and Zurek, Kathryn M.},
  journal = {Phys. Rev. D},
  volume = {83},
  pages = {114027},
  year = {2011},
 eprint         = "1103.3501",
archivePrefix  = "arXiv",
primaryClass   = "hep-ph",
  doi = {10.1103/PhysRevD.83.114027},
}

@article{PhysRevD.77.014003,
  title = {Top quarks, axigluons, and charge asymmetries at hadron colliders},
  author = {Antu{\~n}ano, Oscar and K{\"u}hn, Johann H. and Rodrigo, Germ{\'a}n},
  journal = {Phys. Rev. D},
  volume = {77},
  pages = {014003},
  year = {2008},
  eprint         = "0709.1652",
archivePrefix  = "arXiv",
primaryClass   = "hep-ph",
  doi = {10.1103/PhysRevD.77.014003},
}


@article{Alvarez:2011hi,
      author         = "Ezequiel {\'A}lvarez and Da Rold, Leandro and Vietto, Juan Ignacio Sanchez and Szynkman, Alejandro",
      title          = "{Phenomenology of a light gluon resonance in top-physics
                        at Tevatron and LHC}",
      journal        = "JHEP",
      volume         = "09",
      pages          = "007",
      year           = "2011",
      doi            = "10.1007/JHEP09(2011)007",
      eprint         = "1107.1473",
      archivePrefix  = "arXiv",
      primaryClass   = "hep-ph",
      SLACcitation   = "%%CITATION = ARXIV:1107.1473;%%",
}

%%%%%%%%%%%%%%%%%%%%%%%%
% CROSS SECTION CALCULATIONS
%%%%%%%%%%%%%%%%%%%%%%%%

@article{Bonciani:2015hgv,
      author         = "Bonciani, Roberto and Jezo, Tomas and Klasen, Michael and
                        Lyonnet, Florian and Schienbein, Ingo",
      title          = "{Electroweak top-quark pair production at the LHC with
                        $Z'$ bosons to NLO QCD in POWHEG}",
      year           = "2015",
      eprint         = "1511.08185",
      archivePrefix  = "arXiv",
      primaryClass   = "hep-ph",
      reportNumber   = "LPSC-15-318, MS-TP-15-25, SMU-HEP-15-13",
      SLACcitation   = "%%CITATION = ARXIV:1511.08185;%%"
}

@article{Harris:2011ez,
      author         = "Harris, Robert M. and Jain, Supriya",
      title          = "{Cross Sections for Leptophobic Topcolor Z' Decaying to Top-Antitop}",
      journal        = "Eur.Phys.J.",
      volume         = "C72",
      pages          = "2072",
      doi            = "10.1140/epjc/s10052-012-2072-4",
      year           = "2012",
      eprint         = "1112.4928",
      archivePrefix  = "arXiv",
      primaryClass   = "hep-ph",
      reportNumber   = "FERMILAB-FN-0940-CMS-PPD",
      SLACcitation   = "%%CITATION = ARXIV:1112.4928;%%",
}

@article{Gao:2010bb,
      author         = "Gao, Jun and Li, Chong Sheng and Li, Bo Hua and Yuan,
                        C.-P. and Zhu, Hua Xing",
      title          = "{Next-to-leading order QCD corrections to the heavy
                        resonance production and decay into top quark pair at the
                        LHC}",
      journal        = "Phys.Rev.",
      volume         = "D82",
      pages          = "014020",
      doi            = "10.1103/PhysRevD.82.014020",
      year           = "2010",
      eprint         = "1004.0876",
      archivePrefix  = "arXiv",
      primaryClass   = "hep-ph",
      SLACcitation   = "%%CITATION = ARXIV:1004.0876;%%",
}

%%%%%%%%%%%%%%%%%%%%%%%%
% CMS DATASETS
%%%%%%%%%%%%%%%%%%%%%%%%

@misc{twiki_xsecs,
    author       = "{CMS Collaboration}",
    title        = "https://twiki.cern.ch/twiki/bin/viewauth/CMS/StandardModelCrossSections13TeV",
    url          = "https://twiki.cern.ch/twiki/bin/viewauth/CMS/StandardModelCrossSections13TeV",
    howpublished = "CERN TWiki"
}

%%%%%%%%%%%%%%%%%%%%%%%%
% MEASUREMENTS
%%%%%%%%%%%%%%%%%%%%%%%%

@article{Chatrchyan:2013lca,
      author         = "Chatrchyan, Serguei and others",
      title          = "{Searches for new physics using the $t\bar{t}$ invariant
                        mass distribution in pp collisions at
                        $\sqrt{s}$=8 TeV}",
      collaboration  = "CMS Collaboration",
      journal        = "Phys. Rev. Lett.",
      number         = "21",
      volume         = "111",
      pages          = "211804",
      doi            = "10.1103/PhysRevLett.111.211804",
      year           = "2013",
      eprint         = "1309.2030",
      archivePrefix  = "arXiv",
      primaryClass   = "hep-ex",
      reportNumber   = "CMS-B2G-13-001, CERN-PH-EP-2013-162",
      SLACcitation   = "%%CITATION = ARXIV:1309.2030;%%",
}

@article{CMS:B2G-12-006,
      author        = "{CMS Collaboration}",
      collaboration = "{CMS}",
      title         = "{Search for $t\bar{t}$ resonances in semileptonic final states
                        in $pp$ collisions at $\sqrt{s}=8$ TeV}",
      url           = "http://cds.cern.ch/record/1543467",
      journal       = "CMS Physics Analysis Summary",
      volume        = "CMS-PAS-B2G-12-006",
      reportNumber  = "CMS-PAS-B2G-12-006",
      year          = "2012"
}

@article{CMS:B2G-12-007,
      author        = "{CMS Collaboration}",
      collaboration = "{CMS}",
      title         = "{Search for $t\bar{t}$ resonances in dileptonic final state}",
      journal       = "CMS Physics Analysis Summary",
      volume        = "CMS-PAS-B2G-12-007",
      reportNumber  = "CMS-PAS-B2G-12-007",
      year          = "2014"
}

@article{ZprimeSemileptonAN,
      author        = "Mark Adams and Douglas Berry and Cecilia Gerber and  Daniel Gonzalez and Johannes Haller
                       Roman Kloger and Vilius Kripas and Marino Missiroli and Thomas Peiffer and  I. Daniel Sandoval Gonzalez  and Paul Turner",
      title         = "{Search for $t\bar{t}$ resonances in boosted semileptonic final states}",
      journal       = "CMS Analysis Note",
      volume        = "AN-2014/035",
      year          = "2014"
}

@article{ZprimeDileptonAN,
     author  = "Jimin George, Ia Iashvili, Supriya Jain",
     title   = "{Search for $Z'$ resonances decaying to top-antitop pairs in dilepton+jets final state in pp collisions at $\sqrt{s} = 8$ TeV}",
     journal = "CMS Analysis Note",
     volume  = "AN-2012/420",
     year    = "2012"
}

@article{Chatrchyan:2012yca,
      author         = "Chatrchyan, Serguei and others",
      title          = "{Search for $Z$ ' resonances decaying to $t\bar{t}$ in
                        dilepton+jets final states in $pp$ collisions at
                        $\sqrt{s}=7$ TeV}",
      collaboration  = "CMS",
      journal        = "Phys. Rev.",
      volume         = "D87",
      year           = "2013",
      number         = "7",
      pages          = "072002",
      doi            = "10.1103/PhysRevD.87.072002",
      eprint         = "1211.3338",
      archivePrefix  = "arXiv",
      primaryClass   = "hep-ex",
      reportNumber   = "CMS-TOP-11-010, CERN-PH-EP-2012-324",
      SLACcitation   = "%%CITATION = ARXIV:1211.3338;%%"
}


@article{ZprimeAllHadAN,
     author  = "John Conway and James Dolen and Robin Erbacher and Petar Maksimovic and
                Ivan Marchesini and Kevin Nash and Marc Osherson and Justin Pilot and
                Salvatore Rappoccio and Alexander Schmidt and Emanuele Usai",
     title   = "{Improved Search for BSM $t\bar{t}$ Production in the Boosted 
                 All-Hadronic Final State using pp Collisions at $\sqrt{s} = 8$ TeV}",
     journal = "CMS Analysis Note",
     volume  = "AN-2013/397",
     year    = "2013"
}

@article{CMS-TOP-11-013,
      author        = "{CMS Collaboration}",
      collaboration = "{CMS}",
      title          = "{Measurement of differential top-quark pair production
                        cross sections in $pp$ colisions at $\sqrt{s}=7$ TeV}",
      journal        = "Eur. Phys. J.",
      volume         = "C73",
      pages          = "2339",
      doi            = "10.1140/epjc/s10052-013-2339-4",
      year           = "2013",
      eprint         = "1211.2220",
      archivePrefix  = "arXiv",
      primaryClass   = "hep-ex",
      reportNumber   = "CMS-TOP-11-013, CERN-PH-EP-2012-322",
      SLACcitation   = "%%CITATION = ARXIV:1211.2220;%%",
}


@article{CMS-PAS-TOP-12-027,
      author        = "{CMS Collaboration}",
      collaboration = "{CMS}",
      title         = "{Measurement of differential top-quark pair production
                       cross sections in the lepton+jets channel in pp collisions
                       at 8 TeV}",
      url           = "http://cds.cern.ch/record/1523611",
      journal       = "CMS Physics Analysis Summary",
      volume        = "CMS-PAS-TOP-12-027",
      reportNumber  = "CMS-PAS-TOP-12-027",
      year          = "2013"
}

@techreport{CMS-PAS-TOP-12-028,
      title         = "{Measurement of the differential ttbar cross section in
                       the dilepton channel at 8 TeV}",
      institution   = "CERN",
      collaboration = "CMS Collaboration",
      address       = "Geneva",
      number        = "CMS-PAS-TOP-12-028",
      year          = "2013",
}

@article{Khachatryan:2014uva,
      author         = "Khachatryan, Vardan and others",
      title          = "{Differential cross section measurements for the
                        production of a W boson in association with jets in
                        proton-proton collisions at sqrt(s) = 7 TeV}",
      collaboration  = "{CMS}",
      year           = "2014",
      eprint         = "1406.7533",
      archivePrefix  = "arXiv",
      primaryClass   = "hep-ex",
      reportNumber   = "CMS-SMP-12-023, CERN-PH-EP-2014-134",
      SLACcitation   = "%%CITATION = ARXIV:1406.7533;%%",
}

@article{Chatrchyan:2013uza,
      author         = "Chatrchyan, Serguei and others",
      title          = "{Measurement of the production cross section for a W
                        boson and two b jets in pp collisions at $\sqrt{s}$ = 7
                        TeV}",
      collaboration  = "{CMS}",
      year           = "2013",
      eprint         = "1312.6608",
      archivePrefix  = "arXiv",
      primaryClass   = "hep-ex",
      reportNumber   = "CMS-SMP-12-026, CERN-PH-EP-2013-223",
      SLACcitation   = "%%CITATION = ARXIV:1312.6608;%%",
}

@article{CMS-PAS-SMP-13-007,
      author        = "{CMS Collaboration}",
      collaboration = "{CMS}",
      title         = "{Measurement of the differential production cross section
                       of Z bosons in association with jets in pp collisions at
                       sqrt(s) = 8 TeV}",
      url           = "http://cds.cern.ch/record/1728322",
      journal       = "CMS Physics Analysis Summary",
      volume        = "CMS-PAS-SMP-13-007",
      reportNumber  = "CMS-PAS-SMP-13-007",
      year          = "2014"
}

@article{Chatrchyan:2014tua,
      author         = "Chatrchyan, Serguei and others",
      title          = "{Observation of the associated production of a single top
                        quark and a W boson in pp collisions at sqrt(s) = 8 TeV}",
      collaboration  = "{CMS}",
      journal        = "Phys. Rev. Lett.",
      volume         = "112",
      pages          = "231802",
      doi            = "10.1103/PhysRevLett.112.231802",
      year           = "2014",
      eprint         = "1401.2942",
      archivePrefix  = "arXiv",
      primaryClass   = "hep-ex",
      reportNumber   = "CMS-TOP-12-040, CERN-PH-EP-2013-237",
      SLACcitation   = "%%CITATION = ARXIV:1401.2942;%%",
}

@article{Chatrchyan:2013oev,
      author         = "Chatrchyan, Serguei and others",
      title          = "{Measurement of W+W- and ZZ production cross sections in
                        pp collisions at sqrt(s) = 8 TeV}",
      collaboration  = "{CMS}",
      journal        = "Phys. Lett.",
      volume         = "B721",
      pages          = "190-211",
      doi            = "10.1016/j.physletb.2013.03.027",
      year           = "2013",
      eprint         = "1301.4698",
      archivePrefix  = "arXiv",
      primaryClass   = "hep-ex",
      reportNumber   = "CMS-SMP-12-024, CERN-PH-EP-2012-376",
      SLACcitation   = "%%CITATION = ARXIV:1301.4698;%%",
}

@article{Chatrchyan:2014aqa,
      author         = "Chatrchyan, Serguei and others",
      title          = "{Measurement of WZ and ZZ production in pp collisions at
                        $\sqrt{s}$ = 8 TeV in final states with b-tagged jets}",
      collaboration  = "{CMS}",
      year           = "2014",
      eprint         = "1403.3047",
      archivePrefix  = "arXiv",
      primaryClass   = "hep-ex",
      reportNumber   = "CMS-SMP-13-011, CERN-PH-EP-2014-022",
      SLACcitation   = "%%CITATION = ARXIV:1403.3047;%%",
}

@article{Aad:2015fna,
      author         = "Aad, Georges and others",
      title          = "{A search for $ t\overline{t} $ resonances using
                        lepton-plus-jets events in proton-proton collisions at
                        $\sqrt{s}=8 $ TeV with the ATLAS detector}",
      collaboration  = "ATLAS",
      journal        = "JHEP",
      volume         = "08",
      year           = "2015",
      pages          = "148",
      doi            = "10.1007/JHEP08(2015)148",
      eprint         = "1505.07018",
      archivePrefix  = "arXiv",
      primaryClass   = "hep-ex",
      reportNumber   = "CERN-PH-EP-2015-090",
      SLACcitation   = "%%CITATION = ARXIV:1505.07018;%%"
}


@article{Khachatryan:2015sma,
      author         = "Khachatryan, Vardan and others",
      title          = "{Search for resonant $t\bar{t}$ production in
                        proton-proton collisions at $\sqrt{s}=8$~TeV}",
      collaboration  = "CMS",
      journal        = "Phys. Rev.",
      volume         = "D93",
      year           = "2016",
      pages          = "012001",
      doi            = "10.1103/PhysRevD.93.012001",
      eprint         = "1506.03062",
      archivePrefix  = "arXiv",
      primaryClass   = "hep-ex",
      reportNumber   = "CMS-B2G-13-008, CERN-PH-EP-2015-126,
                        FERMILAB-PUB-15-276-CMS",
      SLACcitation   = "%%CITATION = ARXIV:1506.03062;%%"
}


%%%%%%%%%%%%%%%%%%%%%%%%
% Tevatron results on ttbar resonances
%%%%%%%%%%%%%%%%%%%%%%%%

@Article{cdftt1,
     author = "T. Aaltonen and others",
     collaboration = "CDF",
     title     = "{Limits on the production of narrow $t\overline{t}$ resonances in
                  $p\bar{p}$ collisions at $\sqrt{s} = 1.96$~TeV}",
     journal   = "Phys. Rev. D",
     volume    = "77",
     year      = "2008",
     pages     = "051102",
     eprint    = "0710.5335",
     archivePrefix = "arXiv",
     primaryClass  =  "hep-ex",
     doi       = "10.1103/PhysRevD.77.051102",
     SLACcitation  = "%%CITATION = 0710.5335;%%"
}
@Article{cdftt2,
     author = "T. Aaltonen and others",
     collaboration = "CDF",
     title     = "{Search for resonant $t\overline{t}$ production in $p\bar{p}$
                  collisions at $\sqrt{s} = 1.96$~TeV}",
     journal   = "Phys. Rev. Lett.",
     volume    = "100",
     year      = "2008",
     pages     = "231801",
     eprint    = "0709.0705",
     archivePrefix = "arXiv",
     primaryClass  =  "hep-ex",
     doi       = "10.1103/PhysRevLett.100.231801",
     SLACcitation  = "%%CITATION = 0709.0705;%%"
}

@Article{cdftt3,
     author = "T. Aaltonen and others",
      collaboration = "CDF",
      title          = "{A Search for resonant production of $t\overline{t}$ pairs in
                        $4.8\ \rm{fb}^{-1}$ of integrated luminosity of $p\bar{p}$
                        collisions at $\sqrt{s}=1.96\ \rm{TeV}$}",
      journal        = "Phys. Rev. D",
      volume         = "84",
      year           = "2011",
      pages          = "072004",
      eprint         = "1107.5063",
      archivePrefix  = "arXiv",
      primaryClass   = "hep-ex",
      doi            = "10.1103/PhysRevD.84.072004",
      SLACcitation   = "%%CITATION = ARXIV:1107.5063;%%"
}

@article{d0_resonance,
      author         = "Abazov, Victor Mukhamedovich and others",
      title          = "{Search for a narrow $t\overline{t}$ resonance in $p\bar{p}$
                        collisions at $\sqrt{s}=1.96$ TeV}",
      collaboration  = "D0",
      journal        = "Phys. Rev. D",
      volume         = "85",
      pages          = "051101",
      year           = "2012",
      eprint         = "1111.1271",
      archivePrefix  = "arXiv",
      primaryClass   = "hep-ex",
      doi       = "10.1103/PhysRevD.85.051101",
      reportNumber   = "FERMILAB-PUB-11-599-E",
      SLACcitation   = "%%CITATION = ARXIV:1111.1271;%%",
}


@Article{cdf_resonance,
      author         = "Abazov, Victor Mukhamedovich and others",
      collaboration  = "CDF",
      title          = "{Search for resonant production of $t\overline{t}$ decaying to
                        jets in $p\bar p$ collisions at $\sqrt{s}=1.96$ TeV}",
      journal        = "Phys. Rev. D",
      volume         = "84",
      year           = "2011",
      pages          = "072003",
      eprint         = "1108.4755",
      archivePrefix  = "arXiv",
      primaryClass   = "hep-ex",
      doi            = "10.1103/PhysRevD.84.072003",
      SLACcitation   = "%%CITATION = ARXIV:1108.4755;%%"
}

@Article{d0_resonance_2008,
    author = {V. M. Abazov and others},
    collaboration = "D0",
    title = "Search for $t\overline{t}$ resonances in the lepton plus jets final state in $p\bar{p}$ collissions at $\sqrt{s}=1.96$ TeV",
    journal = "Phys. Lett. B",
    volume = "668",
    pages = "98",
    year = "2008",
    eprint         = "0804.3664",
    archivePrefix  = "arXiv",
    primaryClass   = "hep-ex",
    doi            = "10.1016/j.physletb.2008.08.027",
}

@article{cms-allhad,
      author         = "Chatrchyan, Serguei and others",
      title          = "{Search for anomalous $t\overline{t}$ production in the
                        highly-boosted all-hadronic final state}",
      collaboration  = "CMS",
      journal        = "JHEP",
      volume         = "09",
      pages          = "029",
      doi            = "10.1007/JHEP09(2012)029",
      year           = "2012",
      eprint         = "1204.2488",
      archivePrefix  = "arXiv",
      primaryClass   = "hep-ex",
      reportNumber   = "CMS-EXO-11-006, CERN-PH-EP-2012-077",
      SLACcitation   = "%%CITATION = ARXIV:1204.2488;%%",
 }

@article{cms-dilep,
      author         = "Chatrchyan, Serguei and others",
      title          = "{Search for $Z^{\prime}$ resonances decaying to $t\bar{t}$ in
                        dilepton+jets final states in $pp$ collisions at
                        $\sqrt{s}=7$ TeV}",
      collaboration  = "CMS",
      journal        = "Phys. Rev. D",
      volume         = "87",
      pages          = "072002",
      doi            = "10.1103/PhysRevD.87.072002",
      year           = "2013",
      eprint         = "1211.3338",
      archivePrefix  = "arXiv",
      primaryClass   = "hep-ex",
      reportNumber   = "CMS-TOP-11-010, CERN-PH-EP-2012-324",
      SLACcitation   = "%%CITATION = ARXIV:1211.3338;%%",
}

@article{atlas-ljets,
      author         = "Aad, Georges and others",
      title          = "{A search for $t\overline{t}$ resonances in the lepton plus jets
                        final state with ATLAS using 4.7 fb$^{-1}$ of pp
                        collisions at $\sqrt{s} =$ 7 TeV}",
      collaboration  = "ATLAS",
      journal        = "Phys. Rev. D",
      volume         = "88",
      pages          = "012004",
      doi            = "10.1103/PhysRevD.88.012004",
      year           = "2013",
      eprint         = "1305.2756",
      archivePrefix  = "arXiv",
      primaryClass   = "hep-ex",
      reportNumber   = "CERN-PH-EP-2013-032",
      SLACcitation   = "%%CITATION = ARXIV:1305.2756;%%",
}


@article{atlas-ljets-boosted,
      author         = "Aad, Georges and others",
      title          = "{A search for $t\overline{t}$ resonances in lepton+jets events
                        with highly boosted top quarks collected in $pp$
                        collisions at $\sqrt{s} = 7$ TeV with the ATLAS detector}",
      collaboration  = "ATLAS",
      journal        = "JHEP",
      volume         = "09",
      pages          = "041",
      doi            = "10.1007/JHEP09(2012)041",
      year           = "2012",
      eprint         = "1207.2409",
      archivePrefix  = "arXiv",
      primaryClass   = "hep-ex",
      reportNumber   = "CERN-PH-EP-2012-158",
      SLACcitation   = "%%CITATION = ARXIV:1207.2409;%%",
}

@article{atlas-allhad,
      author         = "Aad, Georges and others",
      title          = "{Search for resonances decaying into top-quark pairs
                        using fully hadronic decays in $pp$ collisions with ATLAS
                        at $\sqrt{s}=7$ TeV}",
      collaboration  = "ATLAS Collaboration",
      journal        = "JHEP",
      volume         = "01",
      pages          = "116",
      doi            = "10.1007/JHEP01(2013)116",
      year           = "2013",
      eprint         = "1211.2202",
      archivePrefix  = "arXiv",
      primaryClass   = "hep-ex",
      reportNumber   = "CERN-PH-EP-2012-291",
      SLACcitation   = "%%CITATION = ARXIV:1211.2202;%%",
}

@article{cms-ljets,
      author         = "Chatrchyan, Serguei and others",
      title          = "{Search for resonant $t\bar{t}$ production in lepton+jets
                        events in $pp$ collisions at $\sqrt{s}=7$ TeV}",
      collaboration  = "CMS",
      journal        = "JHEP",
      volume         = "12",
      pages          = "015",
      doi            = "10.1007/JHEP12(2012)015",
      year           = "2012",
      eprint         = "1209.4397",
      archivePrefix  = "arXiv",
      primaryClass   = "hep-ex",
      reportNumber   = "CMS-TOP-12-017, CERN-PH-EP-2012-264",
      SLACcitation   = "%%CITATION = ARXIV:1209.4397;%%",
}



%%%%%%%%%%%%%%%%%%%%%%%%
% MC GENERATORS
%%%%%%%%%%%%%%%%%%%%%%%%

@article{Alwall:2014hca,
      author         = "Alwall, J. and Frederix, R. and Frixione, S. and Hirschi,
                        V. and Maltoni, F. and Mattelaer, O. and Shao, H. -S. and
                        Stelzer, T. and Torrielli, P. and Zaro, M.",
      title          = "{The automated computation of tree-level and
                        next-to-leading order differential cross sections, and
                        their matching to parton shower simulations}",
      journal        = "JHEP",
      volume         = "07",
      year           = "2014",
      pages          = "079",
      doi            = "10.1007/JHEP07(2014)079",
      eprint         = "1405.0301",
      archivePrefix  = "arXiv",
      primaryClass   = "hep-ph",
      reportNumber   = "CERN-PH-TH-2014-064, CP3-14-18, LPN14-066, MCNET-14-09,
                        ZU-TH-14-14",
      SLACcitation   = "%%CITATION = ARXIV:1405.0301;%%"
}

@article{Sjostrand:2006za,
      author         = "{Sj\"ostrand, Torbj\"orn and Mrenna, Stephen and Skands, Peter Z.}",
      title          = "{PYTHIA 6.4 Physics and Manual}",
      journal        = "JHEP",
      volume         = "0605",
      pages          = "026",
      doi            = "10.1088/1126-6708/2006/05/026",
      year           = "2006",
      eprint         = "hep-ph/0603175",
      archivePrefix  = "arXiv",
      primaryClass   = "hep-ph",
      reportNumber   = "FERMILAB-PUB-06-052-CD-T, LU-TP-06-13",
      SLACcitation   = "%%CITATION = HEP-PH/0603175;%%",
}

@article{Sjostrand:2007gs,
      author         = "{Sj\"ostrand, Torbj\"orn and Mrenna, Stephen and Skands, Peter Z.}",
      title          = "{A Brief Introduction to PYTHIA 8.1}",
      journal        = "Comput.Phys.Commun.",
      volume         = "178",
      pages          = "852-867",
      doi            = "10.1016/j.cpc.2008.01.036",
      year           = "2008",
      eprint         = "0710.3820",
      archivePrefix  = "arXiv",
      primaryClass   = "hep-ph",
      reportNumber   = "CERN-LCGAPP-2007-04, LU-TP-07-28,
                        FERMILAB-PUB-07-512-CD-T",
      SLACcitation   = "%%CITATION = ARXIV:0710.3820;%%",
}

@article{Sjostrand:2014zea,
      author         = "Sj{\"o}strand, Torbj{\"o}rn and Ask, Stefan and Christiansen, Jesper R. and Corke, Richard and Desai, Nishita and Ilten, Philip and Mrenna, Stephen and Prestel, Stefan and Rasmussen, Christine O. and Skands, Peter Z.",
      title          = "An Introduction to PYTHIA 8.2",
      journal        = "Comput. Phys. Commun.",
      volume         = "191",
      year           = "2015",
      pages          = "159-177",
      doi            = "10.1016/j.cpc.2015.01.024",
      eprint         = "1410.3012",
      archivePrefix  = "arXiv",
      primaryClass   = "hep-ph",
      reportNumber   = "LU-TP-14-36, MCNET-14-22, CERN-PH-TH-2014-190,
                        FERMILAB-PUB-14-316-CD, DESY-14-178, SLAC-PUB-16122",
      SLACcitation   = "%%CITATION = ARXIV:1410.3012;%%"
}


@article{Mangano:2006rw,
      author         = "Mangano, Michelangelo L. and Moretti, Mauro and
                        Piccinini, Fulvio and Treccani, Michele",
      title          = "{Matching matrix elements and shower evolution for
                        top-quark production in hadronic collisions}",
      journal        = "JHEP",
      volume         = "0701",
      pages          = "013",
      doi            = "10.1088/1126-6708/2007/01/013",
      year           = "2007",
      eprint         = "hep-ph/0611129",
      archivePrefix  = "arXiv",
      primaryClass   = "hep-ph",
      reportNumber   = "CERN-PH-TH-2006-232, FNT-T-2006-09",
      SLACcitation   = "%%CITATION = HEP-PH/0611129;%%",
}



@article{Nadolsky:2008zw,
      author         = "Nadolsky, Pavel M. and Lai, Hung-Liang and Cao, Qing-Hong
                        and Huston, Joey and Pumplin, Jon and others",
      title          = "{Implications of CTEQ global analysis for collider
                        observables}",
      journal        = "Phys.Rev.",
      volume         = "D78",
      pages          = "013004",
      doi            = "10.1103/PhysRevD.78.013004",
      year           = "2008",
      eprint         = "0802.0007",
      archivePrefix  = "arXiv",
      primaryClass   = "hep-ph",
      reportNumber   = "MSUHEP-080125, UCRHEP-T447",
      SLACcitation   = "%%CITATION = ARXIV:0802.0007;%%",
}

@article{Nason:2004rx,
      author         = "Nason, Paolo",
      title          = "{A New method for combining NLO QCD with shower Monte
                        Carlo algorithms}",
      journal        = "JHEP",
      volume         = "11",
      year           = "2004",
      pages          = "040",
      doi            = "10.1088/1126-6708/2004/11/040",
      eprint         = "hep-ph/0409146",
      archivePrefix  = "arXiv",
      primaryClass   = "hep-ph",
      reportNumber   = "BICOCCA-FT-04-11",
      SLACcitation   = "%%CITATION = HEP-PH/0409146;%%"
}

@article{Frixione:2007vw,
      author         = "Frixione, Stefano and Nason, Paolo and Oleari, Carlo",
      title          = "{Matching NLO QCD computations with Parton Shower
                        simulations: the POWHEG method}",
      journal        = "JHEP",
      volume         = "11",
      year           = "2007",
      pages          = "070",
      doi            = "10.1088/1126-6708/2007/11/070",
      eprint         = "0709.2092",
      archivePrefix  = "arXiv",
      primaryClass   = "hep-ph",
      reportNumber   = "BICOCCA-FT-07-9, GEF-TH-21-2007",
      SLACcitation   = "%%CITATION = ARXIV:0709.2092;%%"
}

@article{Alioli:2010xd,
      author         = "Alioli, Simone and Nason, Paolo and Oleari, Carlo and Re,
                        Emanuele",
      title          = "{A general framework for implementing NLO calculations in
                        shower Monte Carlo programs: the POWHEG BOX}",
      journal        = "JHEP",
      volume         = "06",
      year           = "2010",
      pages          = "043",
      doi            = "10.1007/JHEP06(2010)043",
      eprint         = "1002.2581",
      archivePrefix  = "arXiv",
      primaryClass   = "hep-ph",
      reportNumber   = "DESY-10-018, SFB-CPP-10-22, IPPP-10-11, DCPT-10-22",
      SLACcitation   = "%%CITATION = ARXIV:1002.2581;%%"
}

@article{Frixione:2007nw,
      author         = "Frixione, Stefano and Nason, Paolo and Ridolfi, Giovanni",
      title          = "{A Positive-weight next-to-leading-order Monte Carlo for
                        heavy flavour hadroproduction}",
      journal        = "JHEP",
      volume         = "09",
      year           = "2007",
      pages          = "126",
      doi            = "10.1088/1126-6708/2007/09/126",
      eprint         = "0707.3088",
      archivePrefix  = "arXiv",
      primaryClass   = "hep-ph",
      reportNumber   = "BICOCCA-FT-07-12, GEF-TH-19-2007",
      SLACcitation   = "%%CITATION = ARXIV:0707.3088;%%"
}

@article{Re:2010bp,
      author         = "Re, Emanuele",
      title          = "{Single-top Wt-channel production matched with parton
                        showers using the POWHEG method}",
      journal        = "Eur. Phys. J.",
      volume         = "C71",
      year           = "2011",
      pages          = "1547",
      doi            = "10.1140/epjc/s10052-011-1547-z",
      eprint         = "1009.2450",
      archivePrefix  = "arXiv",
      primaryClass   = "hep-ph",
      reportNumber   = "IPPP-10-74, DCPT-10-148",
      SLACcitation   = "%%CITATION = ARXIV:1009.2450;%%"
}




@Article{mlm,
     author    = "Mangano, Michelangelo L. and Moretti, Mauro and Piccinini, Fulvio and Treccani, Michele",
     title     = "{Matching Matrix Elements and Shower Evolution for Top-Quark Production in Hadronic Collisions}",
     journal   = "JHEP",
     volume    = "01",
     year      = "2007",
     pages     = "013"
}

%%%%%%%%%%%%%%%%%%%%%%%%
% OBJECT RECONSTRUCTION
%%%%%%%%%%%%%%%%%%%%%%%%

@article{CMS-PAS-PFT-09-001,
    author        = "{CMS Collaboration}",
    collaboration = "{CMS}",
    title         = "Particle--Flow Event Reconstruction in {CMS} and Performance for Jets, Taus, and {\MET}",
    url           = "http://cdsweb.cern.ch/record/1194487",
    journal       = "CMS Physics Analysis Summary",
    volume        = "CMS-PAS-PFT-09-001",
    reportNumber  = "CMS-PAS-PFT-09-001",
    year          = "2009",
}

@article{CMS-PAS-PFT-10-001,
    author        = "{CMS Collaboration}",
    collaboration = "{CMS}",
    title         = "Commissioning of the Particle-flow Event Reconstruction with the first {LHC} collisions recorded in the {CMS} detector",
    url           = "http://cdsweb.cern.ch/record/1247373",
    journal       = "CMS Physics Analysis Summary",
    volume        = "CMS-PAS-PFT-10-001",
    reportNumber  = "CMS-PAS-PFT-10-001",
    year          = "2010",
}

@misc{CMS:MuonID,
    author = "{CMS Collaboration}",
    title  = "https://twiki.cern.ch/twiki/bin/view/CMS/SWGuideMuonIdRun2",
    url    = "https://twiki.cern.ch/twiki/bin/view/CMS/SWGuideMuonIdRun2",
    howpublished = "CERN TWiki"
}

@misc{CMS:ElecID,
    author = "{CMS Collaboration}",
    title  = "https://twiki.cern.ch/twiki/bin/view/CMS/EgammaIDRecipesRun2",
    url    = "https://twiki.cern.ch/twiki/bin/view/CMS/EgammaIDRecipesRun2",
    howpublished = "CERN TWiki"
}

@misc{CMS:ElecIDCutBased,
    author = "{CMS Collaboration}",
    title  = "https://twiki.cern.ch/twiki/bin/view/CMS/CutBasedElectronIdentificationRun2",
    url    = "https://twiki.cern.ch/twiki/bin/view/CMS/CutBasedElectronIdentificationRun2",
    howpublished = "CERN TWiki"
}

@misc{CMS:ElecIDMVA,
    author = "{CMS Collaboration}",
    title  = "https://twiki.cern.ch/twiki/bin/view/CMS/MultivariateElectronIdentificationRun2",
    url    = "https://twiki.cern.ch/twiki/bin/view/CMS/MultivariateElectronIdentificationRun2",
    howpublished = "CERN TWiki"
}

@article{CMS:AN-11-390,
    author  = "CMS Higgs-To-TauTau Working Group",
    title   = "{Search for Higgs Bosons Decaying to Tau Pairs in pp Collisions at $\sqrt{s} = 7$ TeV}",
    url     = "http://cms.cern.ch/iCMS/jsp/openfile.jsp?tp=draft&files=AN2011_390_v8.pdf",
    journal = "CMS Analysis Note",
    volume  = "AN-2011/390",
    year    = "2011"
}

@misc{CMS:LeptonMINIISO,
    author = "{CMS Collaboration}",
    title  = "https://twiki.cern.ch/twiki/bin/view/CMS/MiniIsolationSUSY",
    url    = "https://twiki.cern.ch/twiki/bin/view/CMS/MiniIsolationSUSY",
    howpublished = "CERN TWiki"
}

@misc{CMS:JECDataMC,
    author = "{CMS Collaboration}",
    title  = "https://twiki.cern.ch/twiki/bin/viewauth/CMS/JECDataMC",
    url    = "https://twiki.cern.ch/twiki/bin/viewauth/CMS/JECDataMC",
    howpublished = "CERN TWiki"
}

@misc{CMS:JetID,
    author = "{CMS Collaboration}",
    title  = "https://twiki.cern.ch/twiki/bin/viewauth/CMS/JetID",
    url    = "https://twiki.cern.ch/twiki/bin/viewauth/CMS/JetID",
    howpublished = "CERN TWiki"
}

@misc{CMS:JetBTagging,
    author = "{CMS Collaboration}",
    title  = "https://twiki.cern.ch/twiki/bin/viewauth/CMS/BtagRecommendation",
    url    = "https://twiki.cern.ch/twiki/bin/viewauth/CMS/BtagRecommendation",
    howpublished = "CERN TWiki"
}

@misc{CMS:JetBTaggingSF,
    author = "{CMS Collaboration}",
    title  = "https://twiki.cern.ch/twiki/bin/viewauth/CMS/BtagRecommendation74X",
    url    = "https://twiki.cern.ch/twiki/bin/viewauth/CMS/BtagRecommendation74X",
    howpublished = "CERN TWiki"
}

@misc{CMS:JetTopTagging,
    author = "{CMS Collaboration}",
    title  = "https://twiki.cern.ch/twiki/bin/view/CMS/JetTopTagging",
    url    = "https://twiki.cern.ch/twiki/bin/view/CMS/JetTopTagging",
    howpublished = "CERN TWiki"
}

@misc{CMS:METfilters,
    author = "{CMS Collaboration}",
    title  = "https://twiki.cern.ch/twiki/bin/view/CMS/MissingETOptionalFiltersRun2",
    url    = "https://twiki.cern.ch/twiki/bin/view/CMS/MissingETOptionalFiltersRun2",
    howpublished = "CERN TWiki"
}

@misc{muonpog,
  author = "{CMS Muon POG}",
  title = "{Reference muon id and isolation efficiencies}",
  year = "2015",
  howpublished = "https://twiki.cern.ch/twiki/bin/viewauth/CMS/MuonReferenceEffsRun2"
}

@misc{btag-EPS2013,
   author= "{CMS btag POG}",
   title = "{b Tag \& Vertexing Physics Object Group twiki}",
   year = "2012",
   howpublished = "https://twiki.cern.ch/twiki/bin/viewauth/CMS/BtagPOG\#2012\_Data\_and\_MC\_EPS13\_prescript",
}

%%%%%%%%%%%%%%%%%%%%%%%%
% TOOLS AND MISC.
%%%%%%%%%%%%%%%%%%%%%%%%

@article{Kaplan:2008ie,
      author         = "Kaplan, David E. and Rehermann, Keith and Schwartz,
                        Matthew D. and Tweedie, Brock",
      title          = "{Top Tagging: A Method for Identifying Boosted
                        Hadronically Decaying Top Quarks}",
      journal        = "Phys.Rev.Lett.",
      volume         = "101",
      pages          = "142001",
      doi            = "10.1103/PhysRevLett.101.142001",
      year           = "2008",
      eprint         = "0806.0848",
      archivePrefix  = "arXiv",
      primaryClass   = "hep-ph",
      SLACcitation   = "%%CITATION = ARXIV:0806.0848;%%",
}

@article{Thaler:2010tr,
      author         = "Thaler, Jesse and Van Tilburg, Ken",
      title          = "{Identifying Boosted Objects with N-subjettiness}",
      journal        = "JHEP",
      volume         = "1103",
      pages          = "015",
      doi            = "10.1007/JHEP03(2011)015",
      year           = "2011",
      eprint         = "1011.2268",
      archivePrefix  = "arXiv",
      primaryClass   = "hep-ph",
      reportNumber   = "MIT-CTP-4191",
      SLACcitation   = "%%CITATION = ARXIV:1011.2268;%%",
}

@article{Thaler:2011gf,
      author         = "Thaler, Jesse and Van Tilburg, Ken",
      title          = "Maximizing boosted top identification by minimizing
                        {$N$}-subjettiness",
      journal        = "JHEP",
      volume         = "02",
      pages          = "093",
      doi            = "10.1007/JHEP02(2012)093",
      year           = "2012",
      eprint         = "1108.2701",
      archivePrefix  = "arXiv",
      primaryClass   = "hep-ph",
      reportNumber   = "MIT-CTP-4287",
      SLACcitation   = "%%CITATION = ARXIV:1108.2701;%%",
}

@article{Larkoski:2014wba,
      author         = "Larkoski, Andrew J. and Marzani, Simone and Soyez,
                        Gregory and Thaler, Jesse",
      title          = "{Soft Drop}",
      journal        = "JHEP",
      volume         = "05",
      year           = "2014",
      pages          = "146",
      doi            = "10.1007/JHEP05(2014)146",
      eprint         = "1402.2657",
      archivePrefix  = "arXiv",
      primaryClass   = "hep-ph",
      reportNumber   = "MIT-CTP-4531, DCPT-14-24, IPPP-14-12",
      SLACcitation   = "%%CITATION = ARXIV:1402.2657;%%"
}

@book{bayesbook,
      author         = "O'Hagan, Anthony and Forster, Jonathan J",
      title              =  "{Kendall's Advanced Theory of Statistics. Vol. 2B: Bayesian Inference}",
      publisher = "Arnold",
      address   = "London",
      year           = "2004",
}

@misc{theta,
      author         = "Ott, Jochen",
      note           = "{theta - a framework for template-based modeling and inference, see 
                         http://www.theta-framework.org}",
}

@article{barlow_beeston,
      author         = "Barlow, Roger J. and Beeston, Christine",
      title          = "{Fitting using finite Monte Carlo samples}",
      journal        = "Comput.Phys.Commun.",
      volume         = "77",
      pages          = "219-228",
      doi            = "10.1016/0010-4655(93)90005-W",
      year           = "1993",
      reportNumber   = "MAN-HEP-93-1",
      SLACcitation   = "%%CITATION = CPHCB,77,219;%%",
}


@misc{bblight,
  author = "John Conway",
  year = "2011",
  howpublished = "Presentation at PhyStat 2011",
  title = "Nuisance Parameters in Likelihoods for Searches"
}


%%%%%%%%%%%%%%%%%%%%%%%%
% EVENT SELECTION
%%%%%%%%%%%%%%%%%%%%%%%%

@article{CMS:EXO-11-092,
      author        = "{CMS Collaboration}",
      collaboration = "{CMS}",
      title         = "{Search for high-mass resonances decaying to $\ttbar$ in the electron+jets channel}",
      url           = "http://cds.cern.ch/record/1423037",
      journal       = "CMS Physics Analysis Summary",
      volume        = "CMS-PAS-EXO-11-092",
      reportNumber  = "CMS-PAS-EXO-11-092",
      year          = "2011"
}

@article{CMS:AN-11-449,
      author      = "Mark Adams and Victor Bazterra and Cecilia Gerber and Samvel Khalatyan and Thomas Muller and Jochen Ott and Derek Strom and Jeannine Wagner-Kuhr and Francisco Yumiceva",
      title       = "{Search for high-mass resonances decaying to $\ttbar$ in the electrons+jets channel}",
      url         = "http://cms.cern.ch/iCMS/jsp/openfile.jsp?tp=draft&files=AN2011_449_v7.pdf",
      journal     = "CMS Analysis Note",
      volume      = "AN-2011/449",
      year        = "2011"
}

@article{AN-2014-035,
      author      = "Cecilia Gerber and Daniel Gonzalez and Johannes Haller and Roman Kogler and Vilius Kripas and Marino Missiroli and Thomas Peiffer and Daniel Sandoval and Paul Turner",
      title       = "{Search for ttbar resonances in boosted semileptonic final states}",
      url         = "http://cms.cern.ch/iCMS/jsp/openfile.jsp?tp=draft&files=AN2014_035_v5.pdf",
      journal     = "CMS Analysis Note",
      volume      = "AN-2014/035",
      year        = "2014"
}

%%%%%%%%%%%%%%%%%%%%%%%%
% SYSTEMATICS
%%%%%%%%%%%%%%%%%%%%%%%%

@article{CMS:2013gfa,
      author        = "{CMS Collaboration}",
      collaboration = "{CMS}",
      title         = "{CMS Luminosity Based on Pixel Cluster Counting - Summer 2013 Update}",
      url           = "http://cds.cern.ch/record/1598864",
      journal       = "CMS Physics Analysis Summary",
      volume        = "CMS-PAS-LUM-13-001",
      reportNumber  = "CMS-PAS-LUM-13-001",
      year          = "2013"
}

@misc{CMS:Lumi,
    author = "{CMS Collaboration}",
    title  = "https://twiki.cern.ch/twiki/bin/view/CMS/TWikiLUM",
    url    = "https://twiki.cern.ch/twiki/bin/view/CMS/TWikiLUM",
    howpublished = "CERN TWiki"
}

@misc{CMS:MuonEFF,
    author = "{CMS Collaboration}",
    title  = "https://twiki.cern.ch/twiki/bin/viewauth/CMS/MuonReferenceEffsRun2",
    url    = "https://twiki.cern.ch/twiki/bin/viewauth/CMS/MuonReferenceEffsRun2",
    howpublished = "CERN TWiki"
}

@misc{CMS:TopPtReweighting,
    author = "{CMS Collaboration}",
    title  = "Top quark $p_t$-reweighting, https://twiki.cern.ch/twiki/bin/viewauth/CMS/TopPtReweighting",
    url    = "https://twiki.cern.ch/twiki/bin/viewauth/CMS/TopPtReweighting",
    howpublished = "CERN TWiki"
}   


@misc{CMS:PUWeight,
    author = "{CMS Collaboration}",
    title  = "Pileup systematic uncertainties, https://twiki.cern.ch/twiki/bin/viewauth/CMS/PileupSystematicErrors",
    url    = "https://twiki.cern.ch/twiki/bin/viewauth/CMS/PileupSystematicErrors",
    howpublished = "CERN TWiki"
}

@misc{CMS:JEC,
    author = "{CMS Collaboration}",
    title  = "Jet energy corrections, https://twiki.cern.ch/twiki/bin/view/CMSPublic/WorkBookJetEnergyCorrections",
    url    = "https://twiki.cern.ch/twiki/bin/view/CMSPublic/WorkBookJetEnergyCorrections",
    howpublished = "CERN TWiki"
}

@misc{CMS:JECUnc,
    author = "{CMS Collaboration}",
    title  = "Jet energy corrections uncertainty, https://twiki.cern.ch/twiki/bin/viewauth/CMS/JECUncertaintySources",
    url    = "https://twiki.cern.ch/twiki/bin/viewauth/CMS/JECUncertaintySources",
    howpublished = "CERN TWiki"
}

@misc{CMS:JERWeight,
    author = "{CMS Collaboration}",
    title  = "Jet energy resolution, https://twiki.cern.ch/twiki/bin/viewauth/CMS/JetResolution",
    url    = "https://twiki.cern.ch/twiki/bin/viewauth/CMS/JetResolution",
    howpublished = "CERN TWiki"
}

@misc{CMS:BtagWeight,
    author = "{CMS Collaboration}",
    title  = "b-tagging in CMS, https://twiki.cern.ch/twiki/bin/viewauth/CMS/BtagPOG",
    url    = "https://twiki.cern.ch/twiki/bin/viewauth/CMS/BtagPOG",
    howpublished = "CERN TWiki"
}

@article{CMS:AN-09-048,
     author  = "P. Biallass and T. Hebbeker and C. Hof and A. Meyer and H. Pieta",
     title   = "{Parton Distribution Uncertainty Determination within CMSSW}",
     url     = "cms.cern.ch/iCMS/jsp/openfile.jsp?tp=draft&files=AN2009_048_v1.pdf",
     journal = "CMS Analysis Note",
     volume  = "AN-2009/048",
     year    = "2009"
}

@article{Butterworth:2015oua,
      author         = "Butterworth, Jon and others",
      title          = "{PDF4LHC recommendations for LHC Run II}",
      journal        = "J. Phys.",
      volume         = "G43",
      year           = "2016",
      pages          = "023001",
      doi            = "10.1088/0954-3899/43/2/023001",
      eprint         = "1510.03865",
      archivePrefix  = "arXiv",
      primaryClass   = "hep-ph",
      reportNumber   = "OUTP-15-17P, SMU-HEP-15-12, TIF-UNIMI-2015-14,
                        LCTS-2015-27, CERN-PH-TH-2015-249",
      SLACcitation   = "%%CITATION = ARXIV:1510.03865;%%"
}

@article{Alekhin:2011sk,
      author         = "Alekhin, Sergey and others",
      title          = "{The PDF4LHC Working Group Interim Report}",
      year           = "2011",
      eprint         = "1101.0536",
      archivePrefix  = "arXiv",
      primaryClass   = "hep-ph",
      SLACcitation   = "%%CITATION = ARXIV:1101.0536;%%"
}

@article{CMS-PAS-JME-10-014,
      author        = "{CMS Collaboration}",
      collaboration = "{CMS}",
      title         = "{Jet Energy Resolution in CMS at sqrt(s)=7 TeV}",
      url           = "http://cds.cern.ch/record/1339945",
      journal       = "CMS Physics Analysis Summary",
      volume        = "CMS-PAS-JME-10-014",
      reportNumber  = "CMS-PAS-JME-10-014",
      year          = "2010"
}

@article{CMS-PAS-JME-10-010,
      author        = "{CMS Collaboration}",
      collaboration = "{CMS}",
      title         = "{Determination of the Jet Energy Scale in CMS with pp Collisions at sqrt(s) = 7 TeV}",
      url           = "http://cds.cern.ch/record/1308178",
      journal       = "CMS Physics Analysis Summary",
      volume        = "CMS-PAS-JME-10-010",
      reportNumber  = "CMS-PAS-JME-10-010",
      year          = "2010"
}

@article{JME-09-001,
      author        = "{CMS Collaboration}",
      collaboration = "{CMS}",
      title         = "{A Cambridge-Aachen (C-A) based Jet Algorithm
                        for boosted top-jet tagging}",
      url           = "http://cds.cern.ch/record/1194489",
      journal       = "CMS Physics Analysis Summary",
      volume        = "CMS-PAS-JME-09-001",
      reportNumber  = "CMS-PAS-JME-09-001",
      year          = "2009"
}

@article{JME-13-007,
      author        = "{CMS Collaboration}",
      collaboration = "{CMS}",
      title         = "Boosted Top Jet Tagging at CMS",
      url           = "http://cds.cern.ch/record/1647419",
      journal       = "CMS Physics Analysis Summary",
      volume        = "CMS-PAS-JME-13-007",
      reportNumber  = "CMS-PAS-JME-13-007",
      year          = "2014"
}

@article{JME-15-002,
      title         = "{Top Tagging with New Approaches}",
      collaboration = "{CMS}",
      author        = "{CMS Collaboration}",      
      journal       = "CMS Physics Analysis Summary",
      volume        = "CMS-PAS-JME-15-002",
      year          = "2016",
      reportNumber  = "CMS-PAS-JME-15-002",
      url           = "http://cds.cern.ch/record/2126325",
}

%%%%%%%%%%%%%%%%%%%%%%%%
% TAG-N-PROBE STUDY
%%%%%%%%%%%%%%%%%%%%%%%%

@article{Rehermann:2010vq,
      author         = "Rehermann, Keith and Tweedie, Brock",
      title          = "{Efficient Identification of Boosted Semileptonic Top
                        Quarks at the LHC}",
      journal        = "JHEP",
      volume         = "1103",
      pages          = "059",
      doi            = "10.1007/JHEP03(2011)059",
      year           = "2011",
      eprint         = "1007.2221",
      archivePrefix  = "arXiv",
      primaryClass   = "hep-ph",
      SLACcitation   = "%%CITATION = ARXIV:1007.2221;%%",
}

@article{CMS:AN-11-079,
     author  = "Karl Ecklund and Vyacheslav Krutelyov and Paul Padley and Laria Redjimi",
     title   = "{Muon Identification, Isolation and Trigger
                Efficiencies Measurement using Tag and Probe
                Technique in CMS detector at LHC}",
     url     = "cms.cern.ch/iCMS/jsp/db_notes/noteInfo.jsp?cmsnoteid=CMS\%20AN-2011/079",
     journal = "CMS Analysis Note",
     volume  = "AN-2011/079",
     year    = "2011"
}

@article{CMS:AN-12-116,
     author  = "{CMS Egamma ID Group}",
     title   = "{Tag and probe methodology for analyses using electrons and photons}",
     url     = "cms.cern.ch/iCMS/jsp/db_notes/noteInfo.jsp?cmsnoteid=CMS\%20AN-2012/116",
     journal = "CMS Analysis Note",
     volume  = "AN-2012/116",
     year    = "2012"
}

@misc{PythiaKK,
   title = "{http://home.thep.lu.se/~torbjorn/pythia81html/ExtraDimensionalProcesses.html}",
}

@article{Ball:2014uwa,
      author         = "Ball, Richard D. and others",
      title          = "{Parton distributions for the LHC Run II}",
      collaboration  = "NNPDF",
      journal        = "JHEP",
      volume         = "04",
      year           = "2015",
      pages          = "040",
      doi            = "10.1007/JHEP04(2015)040",
      eprint         = "1410.8849",
      archivePrefix  = "arXiv",
      primaryClass   = "hep-ph",
      reportNumber   = "EDINBURGH-2014-15, IFUM-1034-FT, CERN-PH-TH-2013-253,
                        OUTP-14-11P, CAVENDISH-HEP-14-11",
      SLACcitation   = "%%CITATION = ARXIV:1410.8849;%%"
}

@article{Frederix:2012ps,
      author         = "Frederix, Rikkert and Frixione, Stefano",
      title          = "{Merging meets matching in MC@NLO}",
      journal        = "JHEP",
      volume         = "12",
      year           = "2012",
      pages          = "061",
      doi            = "10.1007/JHEP12(2012)061",
      eprint         = "1209.6215",
      archivePrefix  = "arXiv",
      primaryClass   = "hep-ph",
      reportNumber   = "CERN-PH-TH-2012-247, ZU-TH-21-12",
      SLACcitation   = "%%CITATION = ARXIV:1209.6215;%%"
}

@article{Chatrchyan:2008zzk,
     author    = "Chatrchyan, S. and others",
     collaboration = "CMS",
     title     = "The {CMS} experiment at the {CERN} {LHC}",
     journal   = "JINST",
     volume    = "3",
     year      = "2008",
     pages     = "S08004",
     doi       = "10.1088/1748-0221/3/08/S08004",
     SLACcitation  = "%%CITATION = JINST,3,S08004;%%"
}

@article{Cacciari:2008gp,
      author         = "Cacciari, Matteo and Salam, Gavin P. and Soyez, Gregory",
      title          = "{The Anti-k(t) jet clustering algorithm}",
      journal        = "JHEP",
      volume         = "04",
      year           = "2008",
      pages          = "063",
      doi            = "10.1088/1126-6708/2008/04/063",
      eprint         = "0802.1189",
      archivePrefix  = "arXiv",
      primaryClass   = "hep-ph",
      reportNumber   = "LPTHE-07-03",
      SLACcitation   = "%%CITATION = ARXIV:0802.1189;%%"
}

@article{Chatrchyan:2012xi,
      author         = "Chatrchyan, Serguei and others",
      title          = "{Performance of CMS muon reconstruction in $pp$ collision
                        events at $\sqrt{s}=7$ TeV}",
      collaboration  = "CMS",
      journal        = "JINST",
      volume         = "7",
      year           = "2012",
      pages          = "P10002",
      doi            = "10.1088/1748-0221/7/10/P10002",
      eprint         = "1206.4071",
      archivePrefix  = "arXiv",
      primaryClass   = "physics.ins-det",
      reportNumber   = "CMS-MUO-10-004, CERN-PH-EP-2012-173",
      SLACcitation   = "%%CITATION = ARXIV:1206.4071;%%"
}

@article{electronreco,
      author         = "Khachatryan, Vardan and others",
      title          = "{Performance of Electron Reconstruction and Selection
                        with the CMS Detector in Proton-Proton Collisions at
                        $\sqrt{s}=8$~TeV}",
      collaboration  = "CMS",
      journal        = "JINST",
      volume         = "10",
      year           = "2015",
      pages          = "P06005",
      doi            = "10.1088/1748-0221/10/06/P06005",
      eprint         = "1502.02701",
      archivePrefix  = "arXiv",
      primaryClass   = "physics.ins-det",
      reportNumber   = "CMS-EGM-13-001, CERN-PH-EP-2015-004",
      SLACcitation   = "%%CITATION = ARXIV:1502.02701;%%"
}

@article{CMS:EGM-14-001,
      author         = "Khachatryan, Vardan and others",
      title          = "{Performance of photon reconstruction and identification 
                         with the CMS detector in proton-proton collisions at 
                         $\sqrt{s} = 8$\TeV}",
      collaboration  = "CMS",
      journal        = "JINST",
      volume         = "10",
      pages          = "P08010",
      doi            = "10.1088/1748-0221/10/08/P08010",
      year           = "2015",
      eprint         = "1502.02702",
      archivePrefix  = "arXiv",
      primaryClass   = "physics.ins-det",
      reportNumber   = "CMS-EGM-14-001, CERN-PH-EP-2015-006",
      SLACcitation   = "%%CITATION = ARXIV:1502.02702;%%",
}

@article{Chatrchyan:2012jua,
      author         = "Chatrchyan, Serguei and others",
      title          = "{Identification of b-quark jets with the CMS experiment}",
      collaboration  = "CMS",
      journal        = "JINST",
      volume         = "8",
      year           = "2013",
      pages          = "P04013",
      doi            = "10.1088/1748-0221/8/04/P04013",
      eprint         = "1211.4462",
      archivePrefix  = "arXiv",
      primaryClass   = "hep-ex",
      reportNumber   = "CMS-BTV-12-001, CERN-PH-EP-2012-262",
      SLACcitation   = "%%CITATION = ARXIV:1211.4462;%%",
}

@article{Chatrchyan:2014fea,
      author         = "Chatrchyan, Serguei and others",
      title          = "{Description and performance of track and primary-vertex
                        reconstruction with the CMS tracker}",
      collaboration  = "CMS",
      journal        = "JINST",
      volume         = "9",
      pages          = "P10009",
      doi            = "10.1088/1748-0221/9/10/P10009",
      year           = "2014",
      eprint         = "1405.6569",
      archivePrefix  = "arXiv",
      primaryClass   = "physics.ins-det",
      reportNumber   = "CMS-TRK-11-001, CERN-PH-EP-2014-070",
      SLACcitation   = "%%CITATION = ARXIV:1405.6569;%%",
}

@article{Chatrchyan:2011ds,
      author         = "Chatrchyan, Serguei and others",
      title          = "{Determination of jet energy calibration and transverse
                        momentum resolution in CMS}",
      collaboration  = "CMS",
      journal        = "JINST",
      volume         = "6",
      year           = "2011",
      pages          = "P11002",
      doi            = "10.1088/1748-0221/6/11/P11002",
      eprint         = "1107.4277",
      archivePrefix  = "arXiv",
      primaryClass   = "physics.ins-det",
      reportNumber   = "CERN-PH-EP-2011-102, CMS-JME-10-011",
      SLACcitation   = "%%CITATION = ARXIV:1107.4277;%%"
}

@article{FastJet,
      author         = "Cacciari, Matteo and Salam, Gavin P. and Soyez, Gregory",
      title          = "{FastJet user manual}",
      journal        = "Eur. Phys. J. C",
      volume         = "72",
      pages          = "1896",
      doi            = "10.1140/epjc/s10052-012-1896-2",
      year           = "2012",
      eprint         = "1111.6097",
      archivePrefix  = "arXiv",
      primaryClass   = "hep-ph",
      reportNumber   = "CERN-PH-TH-2011-297",
      SLACcitation   = "%%CITATION = ARXIV:1111.6097;%%",
}

@article{Cacciari:2008gn,
      author         = "Cacciari, Matteo and Salam, Gavin P. and Soyez, Gregory",
      title          = "{The catchment area of jets}",
      journal        = "JHEP",
      volume         = "04",
      pages          = "005",
      doi            = "10.1088/1126-6708/2008/04/005",
      year           = "2008",
      eprint         = "0802.1188",
      archivePrefix  = "arXiv",
      primaryClass   = "hep-ph",
      reportNumber   = "LPTHE-07-02",
      SLACcitation   = "%%CITATION = ARXIV:0802.1188;%%",
}
